

@inproceedings{JacksonSS00,
  author    = {Daniel Jackson and
               Ian Schechter and
               Ilya Shlyakhter},
  title     = {Alcoa: the Alloy Constraint Analyzer},
  booktitle = {Proc.~of ICSE'2000},
  year      = {2000}
}
