@string{ISWC-13 = "Proc.\ of ISWC"}
@string{ZEUS-11 = "Proc.\ of ZEUS"}
@string{AAAI-05 = "Proc.\ of AAAI"}
@string{BIS-11 = "Proc.\ of BIS"}
@string{ECIS-08 = "Proc.\ of ECIS"}
@string{BPI-06 = "Proc.\ of BPI at BPM"}
@string{BPM-15 = "Proc.\ of BPM"}
@string{LNCS = "Lecture Notes in Computer Science"}
@string{LNBIP = "Lecture Notes in Business Information Processing"}
@string{SPRINGER = "Springer"}
@string{DL-14 = "Proc.\ of DL"}
@string{JODS       = "J.\ on Data Semantics"}
@string{RW-09     = "Semantic Technologies for Informations Systems --
                     5th Int.\ Reasoning Web Summer School (RW)"}
@string{lncs = "Lecture Notes in Computer Science"}
@string{CEUR = "CEUR, {\upshape\protect\url{ceur-ws.org}}"}
@string{SWJ        = "Semantic Web J."}

@InProceedings{RoKZ13,
  author =       "M. Rodriguez-Muro and R. Kontchakov and M.  Zakharyaschev",
  title =        "Ontology-Based Data Access: {O}ntop of Databases",
  booktitle =    ISWC-13,
  year =         2013,
  volume =       8218,
  series =       LNCS,
  pages =        "558--573",
  publisher =    SPRINGER,
  doi =          "10.1007/978-3-642-41335-3_35",
}



@article{Pooch74,
  author    = {Udo W. Pooch},
  title     = {Translation of Decision Tables},
  journal   = {Comp. Surv.},
  volume    = {6},
  number    = {2},
  pages     = {125--151},
  year      = {1974}
}

@article{Weka,
  author    = {Mark A. Hall and
               Eibe Frank and
               Geoffrey Holmes and
               Bernhard Pfahringer and
               Peter Reutemann and
               Ian H. Witten},
  title     = {The {WEKA} data mining software: an update},
  journal   = {{SIGKDD} Explorations},
  volume    = {11},
  number    = {1},
  pages     = {10--18},
  year      = {2009}
}

@article{Pawlak1987,
author = {Zdzislaw Pawlak},
title = {Decision tables -- a rough set approach},
journal = {Bulletin of the EATCS},
volume  = {33},
pages = {85-95},
year = {1987}
}

@misc{DMN,
author = {{Object Management Group}},
title = {{Decision Model and Notation (DMN) 1.0}},
year = {2015},
url = {\url{http://www.omg.org/spec/DMN/1.0/}}
}

@inproceedings{Z3,
  author    = {Leonardo Mendon{\c{c}}a de Moura and
               Nikolaj Bj{\o}rner},
  title     = {{Z3:} An Efficient {SMT} Solver},
  booktitle = {Proc. of {TACAS}},
  pages     = {337--340},
  year      = {2008},
  publisher = {Springer}
}


@book{CodasylReport,
title = {A Modern appraisal of decision tables : a {CODASYL} report},
author = {{CODASYL Decision Table Task Group}},
publisher = {ACM},
year = {1982}
}

@inproceedings{Arge1998,
author = {Lars Arge and Octavian Procopiuc and Sridhar Ramaswamy and Torsten Suel and J{effrey Scott} Vitter},
title = {Scalable Sweeping-Based Spatial Join},
booktitle = {VLDB},
year = {1998}
}

@INPROCEEDINGS{521890,
author={D. N. Hoover and Zewei Chen},
booktitle={Proc. of COMPASS},
title={Tablewise, a decision table tool},
year={1995},
pages={97-108},}


@article{Hewett:2003:RDT:942051.942053,
 author = {Hewett, Rattikorn and Leuchner, John},
 title = {Restructuring Decision Tables for Elucidation of Knowledge},
 journal = {Data Knowl. Eng.},
 volume = {46},
 number = {3},
 year = {2003},
 pages = {271--290},
}

@article{ZAIDI1997155,
title = {Validation and verification of decision making rules},
journal = {Automatica},
volume = {33},
number = {2},
pages = {155 - 169},
year = {1997},
author = {Abbas K. Zaidi and Alexander H. Levis},
}


@book{FBPM,
author = {Marlon Dumas and Marcello {La Rosa} and Jan Mendling and Hajo A. Reijers},
title = {Fundamentals of Business Process Management},
publisher = {Springer},
year = {2013}
}

@article{Vanthienen1994,
  author    = {Jan Vanthienen and
               Elke Dries},
  title     = {Illustration of a Decision Table Tool for Specifying and Implementing
               Knowledge Based Systems},
  journal   = {International Journal on Artificial Intelligence Tools},
  volume    = {3},
  number    = {2},
  pages     = {267--288},
  year      = {1994}
}

@inproceedings{Kohavi1998,
author = {Ron Kohavi and Dan Sommerfield},
title = {Targeting Business Users with Decision Table Classifiers},
booktitle = {Proc. of KDD},
year = {1998},
pages = {249-253}
}

@article{Ghodrat2006,
author = {Mohammad Ali Ghodrat and Tony Givargis and Alexandru Nicolau},
title = {Expression equivalence checking using interval analysis},
journal = {IEEE Trans. VLSI Syst.},
volume = {14},
number = {8},
pages = {830-842},
year = {2006}
}

@article{Vanthienen1998,
author = {Jan Vanthienen and Christophe Mues and Ann Aerts},
title = {An Illustration of Verification and Validation in the Modelling Phase of {KBS} Development},
journal = {Data Knowl. Eng.},
volume = {27},
number = {3},
pages = {337-352},
year  = {1998}
}

@inproceedings{DBLP:conf/kdd/EsterKSX96,
  author    = {Martin Ester and
               Hans{-}Peter Kriegel and
               J{\"{o}}rg Sander and
               Xiaowei Xu},
  title     = {A Density-Based Algorithm for Discovering Clusters in Large Spatial
               Databases with Noise},
  booktitle = {KDD},
  pages     = {226--231},
  year      = {1996},
}


@inproceedings{DBLP:conf/icsoc/SchonigCMM16,
  author    = {Stefan Sch{\"{o}}nig and
               Claudio {Di Ciccio} and
               Fabrizio Maria Maggi and
               Jan Mendling},
  title     = {Discovery of Multi-perspective Declarative Process Models},
  booktitle = {{ICSOC}},
  pages     = {87--103},
  year      = {2016},
}



@book{Quinlan:1993,
 author = {Quinlan, J. Ross},
 title = {C4.5: Programs for Machine Learning},
 year = {1993},
 isbn = {1558602402},
 publisher = {M. Kaufmann Publishers Inc.},
}

@inbook{Rokach2005,
	Author = {Rokach, Lior and Maimon, Oded},
	Booktitle = {Data Mining and Knowledge Discovery Handbook},
	Pages = {321--352},
	Publisher = {Springer US},
	Title = {Clustering Methods},
	Year = {2005},}


@misc{bpichallenge2015,
	author={{4TU Data Center}},
	Publisher = {Eindhoven University of Technology},
	Title = {{BPI Challenge 2015 Event Log}},
Year = {2015},
}


@article{key:article,
	author = {Wael H. Gomaa and Aly A. Fahmy},
	title = {A Survey of Text Similarity Approaches},
	journal = {International Journal of Computer Applications},
	year = {2013},
	volume = {68},
	number = {13},
	pages = {13-18},
	}


@inproceedings{Batoulis2015,
author = {Kimon Batoulis and Andreas Meyer and Ekaterina Bazhenova and Gero Decker and Mathias Weske},
title = {Extracting Decision Logic from Process Models},
booktitle = {Proc. of CAiSE},
year = {2015},
publisher = {Springer}
}


@InProceedings{SKZJ*14,
  author =       "A. Soylu and E. Kharlamov and D. Zheleznyakov and
                  E. Jim{\'e}nez-Ruiz and M, Giese and I. Horrocks",
  title =        "{OptiqueVQS}: Visual Query Formulation for {OBDA}",
  booktitle =    DL-14,
  year =         2014,
  volume =       1193,
  series =       CEUR,
  pages =        "725--728",
  url =          "http://ceur-ws.org/Vol-1193/paper_88.pdf",
}

@InCollection{book-big-data-2013,
  noauthor =     "Martin Giese and Diego Calvanese and Peter Haase and Ian
                  Horrocks and Yannis Ioannidis and Heralk Kllapi and Manolis
                  Koubarakis and Maurizio Lenzerini and Ralf Möller and Özgür
                  Özcep and Mariano Rodriguez-Muro and Riccardo Rosati and
                  Rudolf Schlatte and Michael Schmidt and Ahmet Soylu and Arild
                  Waaler",
  author =       "M. Giese and others",
  title =        "Scalable End-User Access to Big Data",
  booktitle =    "Big Data Computing",
  publisher =    "CRC Press",
  year =         2013,
}

@InProceedings{zeus-artifact-2011,
  author =       "D. Fahland and De Leoni, M. and van Dongen, B. and van der
                  Aalst, W.M.P. ",
  title =        "Many-to-Many: Some Observations on Interactions in Artifact
                  Choreographies",
  booktitle =    ZEUS-11,
  year =         2011,
  volume =       705,
  series =       CEUR,
  pages =        "9--15",
}

@InProceedings{BIS-artifactconformance-lnbip2011,
  author =       "D. Fahland and De Leoni, M. and van Dongen, B. and
                  van der Aalst, W.M.P.",
  title =        "Behavioral Conformance of Artifact-Centric Process Models",
  booktitle =    BIS-11,
  year =         2011,
  editor =       "A. Abramowicz",
  volume =       87,
  series =       LNBIP,
  pages =        "37--49",
  publisher =    SPRINGER,
}

@Article{CDLL*11,
  author =       "D. Calvanese and De Giacomo, G. and D. Lembo and M. Lenzerini
                  and A. Poggi and M.  Rodriguez-Muro and R. Rosati and
                  M. Ruzzi and Savo, D.F.",
  title =        "The {M}astro System for Ontology-based Data Access",
  journal =      SWJ,
  year =         2011,
  volume =       2,
  number =       1,
  pages =        "43--53",
  publisher =    "IOS Press",
}

@InProceedings{ecis-semantic-mining2008,
  author =       "de Medeiros, A.K. Alves and van der Aalst, W.M.P. and
                  C. Pedrinaci",
  title =        "Semantic Process Mining Tools: Core Building Blocks",
  booktitle =    ECIS-08,
  year =         2008,
  pages =        "1953--1964",
}

@InCollection{CDLL*09,
  author =       "D. Calvanese and De Giacomo, G. and D. Lembo and M. Lenzerini
                  and A. Poggi and M.  Rodr{\'\i}guez-Muro and R. Rosati",
  title =        "Ontologies and Databases: The \textit{DL-Lite} Approach",
  booktitle =    RW-09,
  publisher =    SPRINGER,
  year =         2009,
  volume =       5689,
  series =       LNCS,
  pages =        "255--356",
  noeditor =     "Sergio Tessaris and Enrico Franconi",
}

@InProceedings{ProMimportBPI2006,
  author =       "C. G{\"u}nther and van der Aalst, W.M.P. ",
  title =        "A Generic Import Framework for Process Event Logs",
  booktitle =    BPI-06,
  year =         2006,
  volume =       4103,
  series =       LNCS,
  pages =        "81--92",
  publisher =    SPRINGER,
  noeditor =     "J. Eder and S. Dustdar",
}

@InProceedings{CDLLR05,
  author =       "D. Calvanese and De Giacomo, G. and D. Lembo and M. Lenzerini
                  and R. Rosati",
  title =        "\textit{DL-Lite}: {T}ractable Description Logics for
                  Ontologies",
  booktitle =    AAAI-05,
  year =         2005,
  pages =        "602--607",
}

@InCollection{pmmanifesto,
  author =       "van der Aalst, W.M.P. and others",
  title =        "Process Mining Manifesto",
  booktitle =    "Proc.\ of Workshops at BPM",
  publisher =    SPRINGER,
  year =         2012,
  volume =       99,
  series =       LNBIP,
  pages =        "169--194",
  noeditor =     "Daniel, Florian and Barkaoui, Kamel and Dustdar, Schahram",
  isbn =         "978-3-642-28107-5",
  doi =          "10.1007/978-3-642-28108-2_19",
}

@Misc{TFPM-15-case-studies-2014,
  author =       "{IEEE Task Force on Process Mining}",
  title =        "Process Mining Case Studies",
  howpublished = "\protect\url{http://tinyurl.com/ovedwx4}",
  year =         2013,
}
%                   "\protect\url{http://www.win.tue.nl/ieeetfpm/doku.php?id=shared:process_mining_case_studies}",

@InProceedings{event-data-BPM-roundtable2015,
  author =       "van der Aalst, W.M.P. ",
  title =        "Extracting Event Data from Databases to Unleash Process
                  Mining",
  booktitle =    BPM-15,
  year =         2015,
  noeditor =       "J. vom Brocke and T. Schmiedel",
  pages =        "105--128",
  publisher =    SPRINGER,
}

@InProceedings{XESame-caise-2010,
  author =       "H.M.W. Verbeek and J.C.A.M. Buijs and van Dongen, B.F.  and
                  van der Aalst, W.M.P. ",
  title =        "{XES}, {XESame}, and {ProM~6}",
  booktitle =    "Information Systems Evolution",
  year =         2010,
  noeditor =       "P. Soffer and E. Proper",
  volume =       72,
  series =       LNBIP,
  pages =        "60--75",
  publisher =    SPRINGER,
}

@Article{PLC08,
  author =       "A. Poggi and D. Lembo and D. Calvanese and De Giacomo, G. and
                  M. Lenzerini and R. Rosati",
  title =        "Linking Data to Ontologies",
  journal =      JODS,
  year =         2008,
  volume =       "X",
  pages =        "133--173",
}

@Book{Fow03,
  author =       "M. Fowler",
  title =        "Patterns of Enterprise Application Architecture",
  publisher =    "Addison-Wesley",
  year =         2003,
}

@book{DBLP:books/sp/Aalst16,
  author    = {Wil M. P. van der Aalst},
  title     = {Process Mining - Data Science in Action, Second Edition},
  publisher = {Springer},
  year      = {2016},
}

@Book{process-mining-book-2011,
  author =       "van der Aalst, W.M.P. ",
  title =        "Process Mining: Discovery, Conformance and Enhancement of
                  Business Processes",
  publisher =    SPRINGER,
  year =         2011,
}


@book{libkin-book,
  author    = {Erich Gr{\"{a}}del and
               Phokion G. Kolaitis and
               Leonid Libkin and
               Maarten Marx and
               Joel Spencer and
               Moshe Y. Vardi and
               Yde Venema and
               Scott Weinstein},
  title     = {Finite Model Theory and Its Applications},
  publisher = {Springer},
  year      = {2007},
  url       = {https://doi.org/10.1007/3-540-68804-8},
  doi       = {10.1007/3-540-68804-8},
  isbn      = {978-3-540-00428-8},
  timestamp = {Tue, 16 May 2017 14:24:38 +0200},
  biburl    = {https://dblp.org/rec/bib/series/txtcs/GradelKLMSVVW07},
  bibsource = {dblp computer science bibliography, https://dblp.org}
}

@book{vianu-book,
  author    = {Serge Abiteboul and
               Richard Hull and
               Victor Vianu},
  title     = {Foundations of Databases},
  publisher = {Addison-Wesley},
  year      = {1995},
  url       = {http://webdam.inria.fr/Alice/},
  isbn      = {0-201-53771-0},
  timestamp = {Sat, 11 Nov 2017 21:53:30 +0100},
  biburl    = {https://dblp.org/rec/bib/books/aw/AbiteboulHV95},
  bibsource = {dblp computer science bibliography, https://dblp.org}
}

@inproceedings{alloy,
  author    = {Daniel Jackson},
  title     = {Alloy: {A} New Technology for Software Modelling},
  booktitle = {Tools and Algorithms for the Construction and Analysis of Systems,
               8th International Conference, {TACAS} 2002, Held as Part of the Joint
               European Conference on Theory and Practice of Software, {ETAPS} 2002,
               Grenoble, France, April 8-12, 2002, Proceedings},
  pages     = {20},
  year      = {2002},
}
