@string{FAIA = "Frontiers in Artificial Intelligence and Applications"}
@string{LNCS     = "Lecture Notes in Computer Science"}
@string{LNBIP     = "Lecture Notes in Business Information Processing"}
@string{LNAI     = "Lecture Notes in Artificial Intelligence"}

@string{AAAIP    = "{AAAI} Press/The {MIT} Press"}
@string{ACMP     = "ACM Press and Addison Wesley"}
@string{CUP      = "Cambridge University Press"}
@string{ESP      = "Elsevier Science Publishers"}
@string{IEEEP    = "IEEE Computer Society Press"}
@string{IOS      = "IOS Press"}
@string{JWS      = "John Wiley \& Sons"}
@string{KAP      = "Kluwer Academic Publisher"}
@string{MK       = "Morgan Kaufmann"}
@string{SV       = "Springer"}
@string{SPRINGER = "Springer"}
@string{PITAG    = "Pitagora Editrice Bologna"}
@string{CEUR     = "CEUR Electronic Workshop Proceedings"}
%                    {\upshape\protect\url{http://ceur-ws.org/}}"}
@string{DAGSTUHL = "Internationales Begegnungs- und Forschungszentrum f{\"u}r
               Informatik (IBFI), Schloss Dagstuhl, Germany"}
@string{INFONOMICS = "Infonomics-Consulting"}
@string{HEALTHINF = "Studies in Health Technology and Informatics"}
@string{SHARPE = "M.E. Sharpe Inc."}
@string{ELSEVIER = "Elsevier"}
@string{TAYLOR = "Taylor and Francis"}
@string{IGI = "IGI Global"}
@string{AICA = "AICA"}

@string{JAIR = "Journal of Artificial Intelligence Research"}
@string{IJEC = "International Journal of Electronic Commerce"}
@string{TOPNOC = "Transactions on Petri Nets and Other Models of Concurrency"}
@string{MAGS ="Multiagent and Grid Systems"}
@string{FI = "Fundamenta Informaticae"}
@string{TWEB = "ACM Transactions on the Web"}
@string{TIST = "ACM Transactions on Intelligent Systems and Technology"}
@string{IAJ = "Intelligenza Artificiale"}
@string{JAAMAS = "Autonomous Agents and Multi-Agent Systems"}
@string{JENV = "Environmental Modelling and Software"}
@string{CYBSYS = "Cybernetics and Systems"}
@string{IJWSR = "International Journal of Web Service Research"}
@string{MD = "Mondo Digitale"}


@string{CBMS05   = "Proceedings of the 18th IEEE Symposium on Computer Based Medical Systems (CBMS'05)"}
@string{WOA05   = "Proceedings of the 6th AI*IA/TABOO Joint
               Workshop 'From Objects to Agents': Simulation and Formal
               Analysis of Complex Systems (WOA 2005)"}
@string{WOA09   = "Proceedings of the 10th AI*IA/TABOO Joint
               Workshop 'From Objects to Agents': Simulation and Formal
               Analysis of Complex Systems (WOA 2009)"}
@string{CILC06   = "21th Italian Conference on Computational Logic (CILC 2006)"}
@string{CILC07   = "22th Italian Conference on Computational Logic (CILC 2007)"}
@string{CILC08   = "23th Italian Conference on Computational Logic (CILC 2008)"}
@string{CILC09   = "24th Italian Conference on Computational Logic (CILC 2009)"}
@string{CILC11   = "26th Italian Conference on Computational Logic (CILC 2011)"}
@string{AISC06   = "4th International Workshop on AI for Service Composition (AISC 2006), co-located with ECAI"}
@string{Guid06   = "Workshop on AI Techniques in Healthcare: Evidence-Based Guidelines and Protocols, co-located with ECAI"}
@string{PPDP06   = "Proceedings of the 8th International ACM SIGPLAN Conference
               on Principles and Practice of Declarative Programming (PPDP 2006)"}
@string{ALPSWS06   = "Proceedings of the 1st International Workshop on Applications of Logic Programming in the Semantic Web and Semantic Web Services (ALPSWS2006)"}
@string{ISMIS06   = "Proceedings of the 16th International Symposium on Foundations of Intelligent Systems (ISMIS 2006)"}
@string{WSFM06   = "Proceedings of the 3rd International Workshop on Web Services and Formal Methods (WS-FM 2006)"}
@string{WSFM08   = "Proceedings of the 5th International Workshop on Web Services and Formal Methods (WS-FM 2006)"}
@string{MALLOW07   = "Federated Workshop on Multi-Agent Logics, Languages, and Organisations (MALLOW'007) - 1st International Workshop on Agents, Web-Services and Ontologies: Integrated Methodologies"}
@string{MALLOW09   = "2nd Federated Workshop on Multi-Agent Logics, Languages, and Organisations (MALLOW'009) - 2nd International Workshop on Agents, Web-Services and Ontologies: Integrated Methodologies"}
@string{DAG07 = "Dagstuhl Seminar Proceedings on Normative Multi-agent Systems"}
@string{IPM07 = "1st International Workshop on the Induction of Process Models (IPM 2007)"}
@string{ESWC07 = "The Semantic Web: Research and Applications, Proceedings of the 4th European Semantic Web Conference (ESWC 2007)"}
@string{RR07 = "Proceedings of the 1st International Conference on Web Reasoning and Rule Systems (RR 2007)"}
@string{AIME07 = "Proceedings of the 11th International Conference on Artificial Intelligence in Medicine (AIME 2007)"}
@string{AIME09 = "Proceedings of the 13th International Conference on Artificial Intelligence in Medicine (AIME 2009)"}
@string{HPSUA07 = "Proceedings of the 14th Annual Workshop of HP Software University Association (HP-SUA07)"}
@string{BPM07 = "Proceedings of the 5th International Conference on Business Process Management (BPM 2007)"}
@string{BPM11 = "Proceedings of the 9th International Conference on Business Process Management (BPM 2011)"}
@string{BPM13 = "Proceedings of the 11th International Conference on Business Process Management (BPM 2013)"}
@string{EDOC13 = "Proceedings of the 17th IEEE International EDOC Conference on Enterprise Computing (EDOC 2013)"}


@string{SIDISA08 = "Simposio Internazionale di Ingegneria Sanitaria Ambientale (SIDISA 2008)"}
@string{RCRA08 = "15th RCRA-2008 workshop: Experimental Evaluation of Algorithms for Solving Problems with Combinatorial Explosion"}
@string{ICLP08 = "24th International Conference on Logic Programming (ICLP 2008)"}
@string{CLIMA07 = "8th International Workshop on Computational Logic in Multi-Agent Systems (CLIMA VIII)"}
@string{SWAP08 = "5th Workshop on Semantic Web Applications and Perspectives (SWAP2008)"}
@string{BPI08 = "Proceedings of the BPM 2008 Workshops, 4th International Workshop on Business Intelligence (BPI 2008)"}
@string{BPI11 = "Proceedings of the BPM 2011 Workshops, 7th International Workshop on Business Intelligence (BPI 2011)"}
@string{ICWS09 = "Proceedings of the 7th IEEE International Conference on Web Services"}
@string{IJCAI09 = "Proceedings of the 21st International Joint Conference on Artificial Intelligence (IJCAI 2009)"}
@string{IJCAI13 = "Proceedings of the 23rd International Joint Conference on Artificial Intelligence (IJCAI 2013)"}
@string{AT2AI10 = "Proceedings of the 20th European Meeting on Cybernetics and Systems Research, 7th International Symposium 'From Agent Theory to Agent Implementation' (AT2AI-7)"}
@string{HAIS10 = "Proceedings of the 5th International Conference on Hybrid Artificial Intelligence Systems (HAIS 2010), Part I"}
@string{KES10 = "Proceedings of the 4th International Symposium on Agent and Multi-Agent Systems: Technologies and Applications (KES-AMSTA 2010), Part I"}
@string{KR4HC10 = "Proceedings of the AIME 2009 Workshop on Knowledge Representation for Health-Care: Patient Data, Processes and Guidelines (KR4HC 2009)"}
@string{DALT09 = "Proceedings of the 7th International Workshop on Declarative Agent Languages and Technologies (DALT 2009), Revised Selected and Invited Papers"}
@string{DALT11 = "Proceedings of the 9th International Workshop on Declarative Agent Languages and Technologies (DALT 2011), Revised Selected and Invited Papers"}
@string{AIIA11 = "Proceedings of the XIIth Conference of the Italian Association for Artificial Intelligence (AI*IA 2011)"}
@string{PROHEALTH11 = "Proceedings of the BPM 2011 Workshops, 4th International Workshop on Process-oriented Information Systems in Healthcare (ProHealth'11)"}
@string{RULEML11 = "Proceedings of the 5th International Symposium Rule-Based Modeling and Computing on the Semantic Web (RuleML 2011)"}
@string{RV11 = "Proceedings of the 2nd International Conference on Runtime Verification (RV 2011)"}
@string{FASE12 = "15th International Conference on Fundamental Approaches to Software Engineering (FASE 2012)"}
@string{KIBP12 = "Proceedings of the 1st International Workshop on Knowledge-intensive Business Processes (KiBP 2012)"}
@string{ECAI12 = "Proceedings of the 20th European Conference on Artificial Intelligence (ECAI 2012)"}
@string{OWLED12 = "Proceedings of OWL: Experiences and Directions Workshop (OWLED 2012)"}
@string{RR12 = "Proceedings of the 6th International Conference on Web Reasoning and Rule Systems (RR 2012)"}
@string{RR13 = "Proceedings of the 7th International Conference on Web Reasoning and Rule Systems (RR 2013)"}
%@string{SAC13 = "Proceedings of the 28th Symposium On Applied Computing (SAC 2013)"}
@string{SAC13 = "SAC"}

@string{CSCT13 = "Proceedings of the 1st Workshop on Computational Semantics in Clinical Text (CSCT 2013)"}
@string{PODS13 = "Proceedings of the 32nd ACM SIGACT SIGMOD SIGART Symposium on Principles of Database Systems (PODS 2013)"}
@string{DL13 = "Proceedings of the 26th International Workshop on Description Logics (DL 2013)"}
@string{MATES13 = "Proceedings of the 11th German Conference on Multiagent Systems Technologies (MATES 2013)"}
@string{DAB13 = "Proceedings of the BPM 2013 Workshops, 2th International Workshop on Data and Artifact-Centric BPM (DAB 2013)"}
@string{IJCNLP13 = "Proceedings of the 6th International Joint Conference on Natural Language Processing (IJCNLP 2013)"}
@string{AIIA13 = "Proceedings of the XIIIth Conference of the Italian Association for Artificial Intelligence (AI*IA 2013)"}
@string{ICSOC13 = "Proceedings of the 11th International Conference on Service Oriented Computing (ICSOC 2013)"}
@string{SOCA13 = "Proceedings of the 6th IEEE International Conference on Service Oriented Computing and Applications (SOCA 2013)"}
@string{AIBP13 = "Proceedings of the Workshop AI Meets Business Processes (AIBP@AI*IA), co-located with the 13th Conference of the Italian
               Association for Artificial Intelligence"}
@string{AAAI-FVMH14 = "Proceedings of the AAAI 2014 Spring Symposium on Formal Verification and Modeling in Human-Machine Systems"}
@string{AAMAS14 = "Proceedings of the 13th International Conference on Autonomous Agents and Multiagent Systems (AAMAS 2014)"}


@article{Bauer2011,
 author = {Bauer, Andreas and Leucker, Martin and Schallhart, Christian},
 title = {Runtime Verification for LTL and TLTL},
 journal = {ACM Trans. Softw. Eng. Methodol.},
 issue_date = {September 2011},
 volume = {20},
 number = {4},
 month = sep,
 year = {2011},
 issn = {1049-331X},
 pages = {14:1--14:64}
}

@inproceedings{BLS07,
  author    = {Andreas Bauer and
               Martin Leucker and
               Christian Schallhart},
  title     = {The Good, the Bad, and the Ugly, But How Ugly Is Ugly?},
  booktitle = {RV},
  year      = {2007},
  pages     = {126-138},
  ee        = {http://dx.doi.org/10.1007/978-3-540-77395-5_11}
}


@inproceedings{Vardi95,
  author    = {Moshe Y. Vardi},
  title     = {An Automata-Theoretic Approach to Linear Temporal Logic},
  booktitle = {Banff Higher Order Workshop},
  year      = 1995,
  pages     = {238-266}
}


@inproceedings{Gerth95,
  author    = {Rob Gerth and
               Doron Peled and
               Moshe Y. Vardi and
               Pierre Wolper},
  title     = {Simple on-the-fly automatic verification of linear temporal
               logic},
  booktitle = {PSTV},
  year      = {1995},
  pages     = {3-18}
}


@inproceedings{Damorim2005,
  author    = {Marcelo d'Amorim and
               Grigore Rosu},
  title     = {Efficient Monitoring of omega-Languages},
  booktitle = {CAV},
  year      = {2005},
  pages     = {364-378}
}


@article{Grumbach97,
  author    = {St{\'e}phane Grumbach and
               Jianwen Su},
  title     = {Finitely Representable Databases},
  journal   = {J. Comput. Syst. Sci.},
  volume    = {55},
  number    = {2},
  year      = {1997},
  pages     = {273-298}
}

@book{AbiteboulHV95,
  author    = {Serge Abiteboul and
               Richard Hull and
               Victor Vianu},
  title     = {Foundations of Databases},
  publisher = {Addison-Wesley},
  year      = {1995},
  isbn      = {0-201-53771-0}
}


@book{FittingFOML98,
  author = {Fitting, Melvin and Mendelsohn, Richard L.},
  title = {First-Order Modal Logic},
  publisher = {Kluwer Academic Press},
  year = {1998}
}


@inproceedings{EisnerFHLMC03,
  author    = {Cindy Eisner and
               Dana Fisman and
               John Havlicek and
               Yoad Lustig and
               Anthony McIsaac and
               David Van Campenhout},
  title     = {Reasoning with Temporal Logic on Truncated Paths},
  booktitle = {CAV},
  year      = {2003},
  pages     = {27-39}
}

@book{MannaPnueliBook,
  author    = {Zohar Manna and
               Amir Pnueli},
  title     = {Temporal verification of reactive systems - safety},
  publisher = {Springer},
  year      = {1995},
  isbn      = {978-0-387-94459-3},
  pages     = {I-XV, 1-512}
}


@inproceedings{Pnueli77,
  author =	 {Amir Pnueli},
  title =	 {The Temporal Logic of Programs},
  booktitle =	 {FOCS},
  year =	 1977,
  pages =	 {46-57}
}


@inproceedings{Finkbeiner01,
  author    = {Bernd Finkbeiner},
  title     = {Language Containment Checking with Nondeterministic BDDs},
  booktitle = {TACAS},
  year      = {2001},
  pages     = {24-38}
}


@article{KupfermanV01,
  author    = {Orna Kupferman and
               Moshe Y. Vardi},
  title     = {Model Checking of Safety Properties},
  journal   = {Formal Methods in System Design},
  volume    = {19},
  number    = {3},
  year      = {2001},
  pages     = {291-314}
}


@article{HavelundRRVWorkshop,
  author    = {Klaus Havelund and
               Grigore Rosu},
  title     = {Foreword - Selected Papers from the First International
               Workshop on Runtime Verification held in Paris, July 2001
               (RV'01)},
  journal   = {Formal Methods in System Design},
  volume    = {24},
  number    = {2},
  year      = {2004},
  pages     = {99-100}
}

@inproceedings{DAngeloSSRFSMM05,
  author    = {Ben D'Angelo and
               Sriram Sankaranarayanan and
               C{\'e}sar S{\'a}nchez and
               Will Robinson and
               Bernd Finkbeiner and
               Henny B. Sipma and
               Sandeep Mehrotra and
               Zohar Manna},
  title     = {LOLA: Runtime Monitoring of Synchronous Systems},
  booktitle = {TIME},
  year      = {2005},
  pages     = {166-174}
}

@article{BoehmB01,
  author    = {Barry W. Boehm and
               Victor R. Basili},
  title     = {Software Defect Reduction Top 10 List},
  journal   = {IEEE Computer},
  volume    = {34},
  number    = {1},
  year      = {2001},
  pages     = {135-137}
}


@book{Peled01-book,
 editor = {Peled, Doron A. and Gries, David and Schneider, Fred B.},
 title = {Software reliability methods},
 year = {2001},
 isbn = {0-387-95106-7},
 publisher = {Springer-Verlag New York, Inc.}
}

@book{ClarkeGP:99-ModelChecking,
	author = {Edmund M. Clarke and Orna Grumberg and Doron A. Peled},
	title = {Model checking},
	year = {1999},
	isbn = {0-262-03270-8},
	publisher = {The MIT Press},
	address = {Cambridge, MA, USA}
}

@article{Nigam03:artifacts,
  author =       "A. Nigam and N. S. Caswell",
  title =        "Business Artifacts: {A}n approach to Operational
                  Specification",
  journal =      "IBM Systems Journal",
  year =         2003,
  volume =       42,
  pages =        "428--445",
  number =       3
}

@inproceedings{Hull08,
  author    = {Richard Hull},
  title     = {Artifact-Centric Business Process Models: Brief Survey of
               Research Results and Challenges},
  booktitle = {OTM Conferences},
  year      = {2008},
  pages     = {1152-1163}
}

@inproceedings{ICSOC10,
  author    = {Piero Cangialosi and
               Giuseppe {De Giacomo} and
               Riccardo {De Masellis} and
               Riccardo Rosati},
  title     = {Conjunctive Artifact-Centric Services},
  booktitle = {ICSOC},
  year      = {2010},
  pages     = {318-333}
}

@article{IJCIS12,
  author    = {Giuseppe {De Giacomo} and
               Riccardo {De Masellis} and
               Riccardo Rosati},
  title     = {Verification of Conjunctive Artifact-Centric Services},
  journal   = {Int. J. Cooperative Inf. Syst.},
  volume    = {21},
  number    = {2},
  year      = {2012},
  pages     = {111-140}
}


@inproceedings{HaririCGMF11,
  author    = {Babak Bagheri Hariri and
               Diego Calvanese and
               Giuseppe {De Giacomo} and
               Riccardo {De Masellis} and
               Paolo Felli},
  title     = {Foundations of Relational Artifacts Verification},
  booktitle = {BPM},
  year      = {2011},
  pages     = {379-395}
}

@inproceedings{ECAI12,
  author    = {Babak Bagheri Hariri and
               Diego Calvanese and
               Giuseppe {De Giacomo} and
               Riccardo {De Masellis} and
               Paolo Felli and
               Marco Montali},
  title     = {Verification of Description Logic Knowledge and Action Bases},
  booktitle = {ECAI},
  year      = {2012},
  pages     = {103-108}
}


@inproceedings{Belardinelli11,
  author    = {Francesco Belardinelli and
               Alessio Lomuscio and
               Fabio Patrizi},
  title     = {Verification of Deployed Artifact Systems via Data Abstraction},
  booktitle = {ICSOC},
  year      = {2011},
  pages     = {142-156}
}

@inproceedings{DamaggioDV11,
  author    = {Elio Damaggio and
               Alin Deutsch and
               Victor Vianu},
  title     = {Artifact systems with data dependencies and arithmetic},
  booktitle = {ICDT},
  year      = {2011},
  pages     = {66-77}
}

@inproceedings{deutsch-etal-icdt09,
  author    = {Alin Deutsch and
               Richard Hull and
               Fabio Patrizi and
               Victor Vianu},
  title     = {Automatic verification of data-centric business processes},
  booktitle = {ICDT},
  year      = {2009},
  pages     = {252-267}
}

@inproceedings{ChaoCFHLNNPVW09,
  author    = {Tian Chao and
               David Cohn and
               Adrian Flatgard and
               Sandy Hahn and
               Mark H. Linehan and
               Prabir Nandi and
               Anil Nigam and
               Florian Pinel and
               John Vergo and
               Frederick Y. Wu},
  title     = {Artifact-Based Transformation of IBM Global Financing},
  booktitle = {BPM},
  year      = {2009},
  pages     = {261-277}
}


@inproceedings{HullDFGHHLMNSV10,
  author    = {Richard Hull and
               Elio Damaggio and
               Fabiana Fournier and
               Manmohan Gupta and
               Fenno Terry Heath and
               Stacy Hobson and
               Mark H. Linehan and
               Sridhar Maradugu and
               Anil Nigam and
               Piyawadee Sukaviriya and
               Roman Vacul\'{\i}n},
  title     = {Introducing the Guard-Stage-Milestone Approach for Specifying
               Business Entity Lifecycles},
  booktitle = {WS-FM},
  year      = {2010},
  pages     = {1-24}
}


@article{AalstH00,
  author    = {Wil M. P. van der Aalst and
               Arthur H. M. ter Hofstede},
  title     = {Verification Of Workflow Task Structures: A Petri-net-baset
               Approach},
  journal   = {Inf. Syst.},
  volume    = {25},
  number    = {1},
  year      = {2000},
  pages     = {43-69}
}


@article{AalstH05,
  author    = {Wil M. P. van der Aalst and
               Arthur H. M. ter Hofstede},
  title     = {YAWL: yet another workflow language},
  journal   = {Inf. Syst.},
  volume    = {30},
  number    = {4},
  year      = {2005},
  pages     = {245-275}
}


@book{Snodgrass95,
  editor    = {Richard T. Snodgrass},
  title     = {The TSQL2 Temporal Query Language},
  publisher = {Kluwer},
  year      = {1995},
  isbn      = {0-7923-9614-6}
}

@incollection{Mor2008,
year={2008},
booktitle={Computational Science (ICCS 2008)},
volume={5102},
series= LNCS,
title={A Survey of Formal Verification for Business Process Modeling},
publisher=SPRINGER,
author={Morimoto, Shoichi},
pages={514-522}
}

@inproceedings{DamaggioDHV11,
  author    = {Elio Damaggio and
               Alin Deutsch and
               Richard Hull and
               Victor Vianu},
  title     = {Automatic Verification of Data-Centric Business Processes},
  booktitle = {BPM},
  year      = {2011},
  pages     = {3-16}
}

@inproceedings{GSM12,
  author    = {Richard Hull and
               Elio Damaggio and
               Riccardo {De Masellis} and
               Fabiana Fournier and
               Manmohan Gupta and
               Fenno Terry Heath and
               Stacy Hobson and
               Mark H. Linehan and
               Sridhar Maradugu and
               Anil Nigam and
               Piyawadee Noi Sukaviriya and
               Roman Vacul\'{\i}n},
  title     = {Business artifacts with guard-stage-milestone lifecycles:
               managing artifact interactions with conditions and events},
  booktitle = {DEBS},
  year      = {2011},
  pages     = {51-62}
}



@PhdThesis{DeMas13,
  author =	 {Riccardo {De Masellis}},
  title =	 {Verification of Artifact-centric Processes},
  school =	 {{\sc Sapienza} Universit\`a degli Studi di Roma},
  year =	 {2013},
  note =	 {In preparation.},
}

%%%%%%%%%%%%%%%%%%% Suggested by Reviewers %%%%%%%%%%%%%%

@inproceedings{BasinKM10,
  author    = {David A. Basin and
               Felix Klaedtke and
               Samuel M{\"u}ller},
  title     = {Policy Monitoring in First-Order Temporal Logic},
  booktitle = {CAV},
  year      = {2010},
  pages     = {1-18}
}

@inproceedings{HalleV08,
  author    = {Sylvain Hall{\'e} and
               Roger Villemaire},
  title     = {Runtime Monitoring of Message-Based Workflows with Data},
  booktitle = {EDOC},
  year      = {2008},
  pages     = {63-72}
}

@article{ChomickiN95,
  author    = {Jan Chomicki and
               Damian Niwinski},
  title     = {On the Feasibility of Checking Temporal Integrity Constraints},
  journal   = {J. Comput. Syst. Sci.},
  volume    = {51},
  number    = {3},
  year      = {1995},
  pages     = {523-535}
}

@inproceedings{Toman01,
  author    = {David Toman},
  title     = {Expiration of Historical Databases},
  booktitle = {TIME},
  year      = {2001},
  pages     = {128-135}
}

@book{KatoenMCBook,
  author    = {Christel Baier and
               Joost-Pieter Katoen},
  title     = {Principles of model checking},
  publisher = {MIT Press},
  year      = {2008}
}

@inproceedings{GaOd01,
   address = {Paris, France},
   author = {Gastin, Paul and Oddoux, Denis},
   booktitle = {{P}roceedings of the 13th {I}nternational {C}onference on {C}omputer {A}ided {V}erification ({CAV}'01)},
   editor = {Berry, G{\'e}rard and Comon, Hubert and Finkel, Alain},
   month = jul,
   pages = {53-65},
   publisher = {Springer},
   series = {Lecture Notes in Computer Science},
   title = {Fast {LTL} to {B}{\"u}chi Automata Translation},
   volume = {2102},
   year = {2001},
}

@inproceedings{DeMasellisS13,
  author    = {Riccardo {De Masellis} and
               Jianwen Su},
  title     = {Runtime Enforcement of First-Order LTL Properties on Data-Aware
               Business Processes},
  booktitle = {ICSOC},
  year      = {2013},
  pages     = {54-68},
  ee        = {http://dx.doi.org/10.1007/978-3-642-45005-1_5}
}


@inproceedings{MaggiWMA-RV11,
  author    = {Fabrizio Maria Maggi and
               Michael Westergaard and
               Marco Montali and
               Wil M. P. van der Aalst},
  title     = {Runtime Verification of LTL-Based Declarative Process Models},
  booktitle = {RV},
  year      = {2011},
  pages     = {131-146},
  ee        = {http://dx.doi.org/10.1007/978-3-642-29860-8_11}
}


@inproceedings{MaggiMWA-BPM11,
  author    = {Fabrizio Maria Maggi and
               Marco Montali and
               Michael Westergaard and
               Wil M. P. van der Aalst},
  title     = {Monitoring Business Constraints with Linear Temporal Logic:
               An Approach Based on Colored Automata},
  booktitle = {BPM},
  year      = {2011},
  pages     = {132-147},
  ee        = {http://dx.doi.org/10.1007/978-3-642-23059-2_13}
}


@inproceedings{GiannakopoulouH01,
  author    = {Dimitra Giannakopoulou and
               Klaus Havelund},
  title     = {Automata-based Verification of Temporal Properties on Running
               Programs},
  booktitle = {ASE},
  year      = {2001},
  pages     = {412-416},
  ee        = {http://doi.ieeecomputersociety.org/10.1109/ASE.2001.989841}
}


@inproceedings{MCMM13,
 author    = {Marco Montali and Federico Chesani and Maggi, Fabrizio Maria and Paola Mello},
 title      = {Towards Data-Aware Constraints in Declare},
 booktitle  =  SAC13,
 publisher  =  ACMP,
 year       = {2013},
 fub        = {yes},
 bibsection = {CI},
 noeditor     = {Shin, Sung Y.  and
               Maldonado, Jos{\'e} Carlos},
 pages      = {1391-1396},
}

@article{MMCMA13,
  author    = {Marco Montali and
              Maggi,   Fabrizio Maria and
               Federico Chesani and
               Paola Mello and
              van der Aalst,  Wil M. P.},
  title     = {Monitoring business constraints with the event calculus},
  journal   = {ACM TIST},
  volume    = {5},
  number    = {1},
  year      = {2013},
  pages     = {17},
}


@book {Mon10,
 author     = {Marco Montali},
 title      = {Specification and Verification of Declarative Open Interaction Models: a Logic-Based Approach},
 publisher  = SPRINGER,
 series     = LNBIP,
 volume     = {56},
 year       = {2010},
}


@inproceedings{BauerKV13,
  author    = {Andreas Bauer and
               Jan-Christoph K{\"u}ster and
               Gil Vegliach},
  title     = {From Propositional to First-Order Monitoring},
  booktitle = {RV},
  year      = {2013},
  pages     = {59-75},
  ee        = {http://dx.doi.org/10.1007/978-3-642-40787-1_4}
}

@inproceedings{DBLP:conf/bir/Maggi14,
  author    = {Fabrizio Maria Maggi},
  title     = {Discovering Metric Temporal Business Constraints from Event Logs},
  booktitle = {Perspectives in Business Informatics Research - 13th International
               Conference, {BIR} 2014, Lund, Sweden, September 22-24, 2014. Proceedings},
  pages     = {261--275},
  year      = {2014},
}

@InProceedings{Westergaard.Maggi/CoopIS2012:LookingintoFuture,
  Title                    = {Looking into the Future. Using Timed Automata to Provide a Priori
 Advice about Timed Declarative Process Models},
  Author                   = {Michael Westergaard and
 Fabrizio Maria Maggi},
  Booktitle                = {On the Move to Meaningful Internet Systems: {OTM} 2012, Confederated
 International Conferences: CoopIS, DOA-SVI, and {ODBASE} 2012, Rome,
 Italy, September 10-14, 2012. Proceedings, Part {I}},
  Year                     = {2012},
  Pages                    = {250--267},}


  @inproceedings{Schoenig.etal/ICSOC2016:DiscoveryMultiperspectiveDeclare,
  author    = {Stefan Sch{\"{o}}nig and
               Claudio Di Ciccio and
               Fabrizio Maria Maggi and
               Jan Mendling},
  title     = {Discovery of Multi-perspective Declarative Process Models},
  booktitle = {Service-Oriented Computing - 14th International Conference, {ICSOC}
               2016, Banff, AB, Canada, October 10-13, 2016, Proceedings},
  pages     = {87--103},
  year      = {2016},
}

@article{aitkin1985estimation,
  title={Estimation and hypothesis testing in finite mixture models},
  author={Aitkin, Murray and Rubin, Donald B},
  journal={Journal of the Royal Statistical Society. Series B (Methodological)},
  pages={67--75},
  year={1985},
  publisher={JSTOR}
}
